@article{datagloveForConsumerApplication,
author = {Majeau, Lucas and Borduas, Jonathan and Loranger, Sébastien and El-Iraki, Yahya and Lavoie, Jonathan and Banville, David and Latendresse, Vincent and Béland, Valérie and Daniel-Rivest, Jonathan and Thiaw, Amadou and Bambara, H and Beausoleil, Thierry and Trottier-Lapointe, William and Lapointe, Jerome},
year = {2011},
month = {01},
title = {Dataglove for consumer applications},
keywords={article}
}

@article{ASurveyOfGlove-basedInput,
author = {Sturman, D.J. and Zeltzer, David},
year = {1994},
month = {02},
pages = {30 - 39},
title = {A survey of glove-based input},
volume = {14},
journal = {Computer Graphics and Applications, IEEE},
doi = {10.1109/38.250916},
keywords={article}
}

@article{gloveBasedSystems,
author = {Dipietro, Laura and Sabatini, A.M. and Dario, Paolo},
year = {2008},
month = {08},
pages = {461 - 482},
title = {A Survey of Glove-Based Systems and Their Applications},
volume = {38},
journal = {Systems, Man, and Cybernetics, Part C: Applications and Reviews, IEEE Transactions on},
doi = {10.1109/TSMCC.2008.923862},
keywords={article}
}

@article{web:ManusPrimeII,
  title = {Manus Prime 2},
  year = 2019,
  url = {https://www.manus-meta.com/legacy-products/prime-ii},
  urldate = {2021},
  keywords={article}
}

@article{web:BeBoP,
  title = {BeBoP},
  year = 2021,
  url = {https://bebopsensors.com/bebop-sensors-announces-worlds-first-haptic-glove-designed-exclusively-for-oculus-quest-forte-data-glove-with-oculus-quest-controller/},
  urldate = {2021},
  keywords={article}
}

@article{web:Adafruit,
title = {Adafruit Industries},
url = {https://github.com/adafruit},
urldate={2021},
keywords={article}
}

@article{web:BoschBMI,
title = {Bosch GmbH},
year = 2021,
url = {https://www.bosch.com/de/stories/bosch-mems-sensoren-anwendungsbereiche/},
urldate={2021},
keywords={article}
}

@article{web:DFRobot,
title = {DFRobot Shanghei},
year = 2021,
url = {https://github.com/DFRobot},
urldate={2021},
keywords={article}
}

@mastersthesis{Wokke,
title={Calibrating the Manus VR Glove improving calibration for the Manus VR flex sensor glove using ground truths},
author={Wokke S.},
year={2017},
school={Eindhoven University of Technology},
keywords={article}
}

@article{Reviews,
author = {Ahmad, Norhafizan and Raja Ghazilla, Raja Ariffin and Khairi, Nazirah and Kasi, Vijayabaskar},
year = {2013},
month = {01},
pages = {256-262},
title = {Reviews on Various Inertial Measurement Unit (IMU) Sensor Applications},
volume = {1},
journal = {International Journal of Signal Processing Systems},
doi = {10.12720/ijsps.1.2.256-262},
keywords={article}
}
@article{Madgwick,
author={Madgwick, Sebastian O. H. and Harrison, Andrew J. L. and Vaidyanathan, Ravi},
booktitle={2011 IEEE International Conference on Rehabilitation Robotics}, 
title={Estimation of IMU and MARG orientation using a gradient descent algorithm}, 
year={2011},
volume={},
number={},
pages={1-7},
doi={10.1109/ICORR.2011.5975346},
keywords={article}}
